@article{DBLP:journals/corr/HeZRS15,
  author    = {Kaiming He and
               Xiangyu Zhang and
               Shaoqing Ren and
               Jian Sun},
  title     = {Deep Residual Learning for Image Recognition},
  journal   = {CoRR},
  volume    = {abs/1512.03385},
  year      = {2015},
  url       = {http://arxiv.org/abs/1512.03385},
  archivePrefix = {arXiv},
  eprint    = {1512.03385},
  timestamp = {Mon, 13 Aug 2018 16:46:56 +0200},
  biburl    = {https://dblp.org/rec/bib/journals/corr/HeZRS15},
  bibsource = {dblp computer science bibliography, https://dblp.org}
}

@inproceedings     {lecun-bengio-95a,
original =    "orig/lecun-bengio-95a.ps.gz",
author  =       "LeCun, Y. and Bengio, Y.",
title   =       "Convolutional Networks for Images, Speech, and Time-Series",
booktitle=      "The Handbook of Brain Theory and Neural Networks",
year    =       "1995",
editor  =       "Arbib, M. A.",
publisher=      "MIT Press",
}

@article{DBLP:journals/corr/RazavianASC14,
  author    = {Ali Sharif Razavian and
               Hossein Azizpour and
               Josephine Sullivan and
               Stefan Carlsson},
  title     = {{CNN} Features off-the-shelf: an Astounding Baseline for Recognition},
  journal   = {CoRR},
  volume    = {abs/1403.6382},
  year      = {2014},
  url       = {http://arxiv.org/abs/1403.6382},
  archivePrefix = {arXiv},
  eprint    = {1403.6382},
  timestamp = {Mon, 13 Aug 2018 16:46:52 +0200},
  biburl    = {https://dblp.org/rec/bib/journals/corr/RazavianASC14},
  bibsource = {dblp computer science bibliography, https://dblp.org}
}
